@article{DBLP:journals/corr/ChenG16,
  author    = {Tianqi Chen and
               Carlos Guestrin},
  title     = {XGBoost: {A} Scalable Tree Boosting System},
  journal   = {CoRR},
  volume    = {abs/1603.02754},
  year      = {2016},
  url       = {http://arxiv.org/abs/1603.02754},
  archivePrefix = {arXiv},
  eprint    = {1603.02754},
  timestamp = {Mon, 13 Aug 2018 16:47:00 +0200},
  biburl    = {https://dblp.org/rec/journals/corr/ChenG16.bib},
  bibsource = {dblp computer science bibliography, https://dblp.org}
}


@article{pedregosa2011scikit,
  title={Scikit-learn: Machine learning in Python},
  author={Pedregosa, Fabian and Varoquaux, Ga{\"e}l and Gramfort, Alexandre and Michel, Vincent and Thirion, Bertrand and Grisel, Olivier and Blondel, Mathieu and Prettenhofer, Peter and Weiss, Ron and Dubourg, Vincent and others},
  journal={Journal of machine learning research},
  volume={12},
  number={Oct},
  pages={2825--2830},
  year={2011}
}

@Misc{nogueiraBayOpt,
    author = {Fernando Nogueira},
    title = {{Bayesian Optimization}: Open source constrained global optimization tool for {Python}},
    year = {2014--},
    url = " https://github.com/fmfn/BayesianOptimization"
}

@article{DBLP:journals/corr/LundbergL17,
  author    = {Scott Lundberg and
               Su{-}In Lee},
  title     = {A unified approach to interpreting model predictions},
  journal   = {CoRR},
  volume    = {abs/1705.07874},
  year      = {2017},
  url       = {http://arxiv.org/abs/1705.07874},
  archivePrefix = {arXiv},
  eprint    = {1705.07874},
  timestamp = {Mon, 13 Aug 2018 16:48:04 +0200},
  biburl    = {https://dblp.org/rec/journals/corr/LundbergL17.bib},
  bibsource = {dblp computer science bibliography, https://dblp.org}
}

@article{lundberg2020local2global,
  title={From local explanations to global understanding with explainable AI for trees},
  author={Lundberg, Scott M. and Erion, Gabriel and Chen, Hugh and DeGrave, Alex and Prutkin, Jordan M. and Nair, Bala and Katz, Ronit and Himmelfarb, Jonathan and Bansal, Nisha and Lee, Su-In},
  journal={Nature Machine Intelligence},
  volume={2},
  number={1},
  pages={2522-5839},
  year={2020},
  publisher={Nature Publishing Group}
}

@misc{snoek2012practical,
    title={Practical Bayesian Optimization of Machine Learning Algorithms},
    author={Jasper Snoek and Hugo Larochelle and Ryan P. Adams},
    year={2012},
    eprint={1206.2944},
    archivePrefix={arXiv},
    primaryClass={stat.ML}
}

@incollection{NIPS2011_4443,
title = {Algorithms for Hyper-Parameter Optimization},
author = {James S. Bergstra and Bardenet, R\'{e}mi and Bengio, Yoshua and Bal\'{a}zs K\'{e}gl},
booktitle = {Advances in Neural Information Processing Systems 24},
editor = {J. Shawe-Taylor and R. S. Zemel and P. L. Bartlett and F. Pereira and K. Q. Weinberger},
pages = {2546--2554},
year = {2011},
publisher = {Curran Associates, Inc.},
url = {http://papers.nips.cc/paper/4443-algorithms-for-hyper-parameter-optimization.pdf}
}

